% Encoding: UTF-8

@InProceedings{bengio2009,
  author       = {Bengio, Yoshua and Louradour, Jérôme and Collobert, Ronan and Weston, Jason},
  title        = {Curriculum learning},
  booktitle    = {Proceedings of the 26th annual international conference on machine learning},
  date         = {2009},
  organization = {ACM},
  pages        = {41--48},
  file         = {:bengio2009 - Curriculum Learning.pdf:PDF},
}

@MastersThesis{thoma2017,
  author      = {Martin Thoma},
  title       = {Analysis and Optimization of Convolutional Neural Network Architectures},
  year        = {2017},
  date        = {2017-07-31},
  type        = {Master's Thesis},
  eprint      = {http://arxiv.org/abs/1707.09725v1},
  eprintclass = {cs.CV},
  eprinttype  = {arXiv},
  url         = {https://martin-thoma.com/msthesis/},
  file        = {:thoma2017 - Analysis and Optimization of Convolutional Neural Network Architectures.pdf:PDF},
  keywords    = {recognition, machine learning, neural networks, cnn},
  school      = {Karlsruhe Institute of Technology},
}

@MastersThesis{linnainmaa1970,
  author = {Linnainmaa, Seppo},
  title  = {Alogritmin kumulatiivinen pyöristysvirhe yksittäisten pyöristysvirheiden Taylor-kehitelmänä (The representation of the cumulative rounding error of an algorithm as a Taylor expansion of the local rounding errors)},
  year   = {1970},
  type   = {Master's Thesis},
  pages  = {6--7},
  school = {University of Helsinki},
}

@InCollection{werbos1982,
  author    = {Werbos, Paul J.},
  title     = {Applications of advances in nonlinear sensitivity analysis},
  booktitle = {System modeling and optimization},
  year      = {1982},
  publisher = {Springer},
  pages     = {762--770},
}

@InCollection{neal1996,
  author    = {Neal, Radford M.},
  title     = {Priors for Infinite Networks},
  booktitle = {Bayesian Learning for Neural Networks},
  year      = {1996},
  publisher = {Springer New York},
  pages     = {29--53},
  doi       = {10.1007/978-1-4612-0745-0_2},
  file      = {:neal1996 - Priors for Infinite Networks.pdf:PDF},
  timestamp = {2018-11-28},
}

@Article{smit2018,
  author   = {Johannes Smit},
  title    = {Can statistics help us to understand deep learning?},
  year     = {2018},
  subtitle = {Literature Review},
}

@Article{dancik2008,
  author  = {Garrett M Dancik and Karin S Dorman},
  title   = {{mlegp}: statistical analysis for computer models of biological systems using R},
  journal = {Bioinformatics},
  year    = {2008},
  volume  = {24},
  number  = {17},
  pages   = {1966},
}

@Manual{rct2018,
  author       = {{R Core Team}},
  title        = {R: A Language and Environment for Statistical Computing},
  date         = {2018},
  organization = {R Foundation for Statistical Computing},
  location     = {Vienna, Austria},
  url          = {https://www.R-project.org/},
  keywords     = {rank1},
}

@Article{friedman2010,
  author        = {Jerome Friedman and Trevor Hastie and Robert Tibshirani},
  title         = {Regularization Paths for Generalized Linear Models via Coordinate Descent},
  journal       = {Journal of Statistical Software},
  year          = {2010},
  volume        = {33},
  number        = {1},
  pages         = {1--22},
  url           = {http://www.jstatsoft.org/v33/i01/},
  __markedentry = {[Hannes:6]},
}

@Comment{jabref-meta: databaseType:biblatex;}

@Comment{jabref-meta: fileDirectory:sources/;}
